% This file was created with JabRef 2.7b.
% Encoding: UTF-8

@STRING{ACM_PUBLISHER = {{ACM Press}}}

@STRING{EAAI_NAME = {Engineering Applications of Artificial Intelligence}}

@STRING{ELSEVIER_PUBLISHER = {Elsevier Science Publishers B. V.}}

@STRING{IEEE_CS_PUBLISHER = {{IEEE} Computer Society}}

@STRING{IEEE_J_SMC = {{IEEE} Transactions on Systems, Man, and Cybernetics}}

@STRING{IEEE_J_SSC = {{IEEE} Transactions on Systems Science and Cybernetics}}

@STRING{IEEE_PUBLISHER = {{IEEE}}}

@STRING{IJCST = {International Journal of Computer Science and Technology}}

@STRING{JAAMAS_NAME = {Autonomous Agents and Multi-Agent Systems}}

@STRING{JASSS_NAME = {Journal of Artificial Societies and Social Simulation}}

@STRING{KLUWER_PUBLISHER = {Kluwer Academic Publisher}}

@STRING{LNAI = {Lecture Notes in Artificial Intelligence}}

@STRING{LNCS = {Lecture Notes in Computer Science}}

@STRING{MORGAN_PUBLISHER = {Morgan Kaufmann}}

@STRING{SPRINGER_PUBLISHER = {Springer}}

@STRING{SPRINGER_VERLAG_PUBLISHER = {Springer-Verlag}}

@STRING{USP = {Universidade de S{\~a}o Paulo}}

@STRING{WILEY_PUBLISHER = {John Wiley \& Sons Ltd}}

@INPROCEEDINGS{alnemrEtAl2010,
  author = {Alnemr, Rehab and Paschke, Adrian and Meinel, Christoph},
  title = {Enabling reputation interoperability through semantic technologies},
  booktitle = {Proceedings of the 6th International Conference on Semantic Systems
	(I-SEMANTICS'10)},
  year = {2010},
  pages = {13:1--13:9},
  address = {New York, USA},
  publisher = {ACM},
  location = {Graz, Austria}
}

@TECHREPORT{antoniouEtAl2005,
  author = {Antoniou, Grigoris and Dam{\'a}sio, Carlos V. and Grosof, Benjamin
	and Horrocks, Ian and Kifer, Michael and Maluszynski, Jan and Peter},
  title = {{Combining Rules and Ontologies. A survey.}},
  institution = {Institutionen f\"{o}r datavetenskap, Link\"{o}pings Universitetet},
  year = {2005},
  type = {Deliverable},
  number = {I3-D3}
}

@MASTERSTHESIS{avegliano2008,
  author = {Avegliano, Priscilla},
  title = {Simula\c{c}{\~a}o da forma\c{c}{\~a}o de parcerias entre agentes
	baseadas no conceito de reputa\c{c}{\~a}o},
  school = {Escola Polit{\'e}cnica -- Universidade de S{\~a}o Paulo},
  year = {2008},
  note = {85 p.}
}

@ARTICLE{aveglianoSichman2007,
  author = {Avegliano, Priscilla and Sichman, Jaime S.},
  title = {Experimentos preliminares sobre o uso da reputa\c{c}{\~a}o na forma\c{c}{\~a}o
	de parcerias entre agentes},
  journal = {Anais do XVI Semin{\'a}rio de Computa\c{c}{\~a}o (SEMINCO'07)},
  year = {2007},
  volume = {1},
  pages = {100--111},
  address = {Blumenau, Brazil},
  publisher = {FURB}
}

@BOOK{axelrod1984,
  title = {The evolution of cooperation},
  publisher = {Basic Books},
  year = {1984},
  author = {Axelrod, Robert},
  pages = {256},
  address = {New York}
}

@INPROCEEDINGS{baaderNutt2003,
  author = {Baader, Franz and Nutt, Werner},
  title = {Basic Description Logics},
  booktitle = {Description Logic Handbook},
  year = {2003},
  pages = {43--95},
  address = {New York, USA},
  publisher = {Cambridge University Press},
  isbn = {0521781760}
}

@ARTICLE{bachmairEtAl1995,
  author = {Bachmair, Leo and Ganzinger, Harald and Lynch, Christopher and Snyder,
	Wayne},
  title = {Basic Paramodulation},
  journal = {Information and Computation},
  year = {1995},
  volume = {121},
  pages = {172--192}
}

@ARTICLE{basakEtAl2011,
  author = {Basak, Swati and Modanwal, Neelam and Mazumdar, Bireshwar D.},
  title = {Multi-Agent Based Disaster Management System: A Review},
  journal = IJCST,
  year = {2011},
  volume = {2},
  pages = {343--348},
  number = {2}
}

@TECHREPORT{bechhoferEtAl2004,
  author = {Bechhofer, S. and Harmelen, F. and Hendler, J. and Horrocks, I. and
	McGuiness, D. L. and Patel-Schneider, P. F. and Stein, L. A.},
  title = {{OWL} Web Ontology Language Reference},
  institution = {W3C},
  year = {2004},
  type = {{W3C} Recommendation},
  month = {February},
  priority = {2},
  url = {http://www.w3.org/TR/owl-ref/}
}

@TECHREPORT{beckettBroekstra2008,
  author = {Beckett, Dave and Broekstra, Jeen},
  title = {SPARQL Query Results XML Format},
  institution = {W3C},
  year = {2008},
  type = {{W3C} Recommendation},
  url = {http://www.w3.org/TR/rdf-sparql-XMLres/}
}

@TECHREPORT{blanchardEtAl2007,
  author = {Blanchard, Wayne and Canton, Lucien G. and Cwiak, Carol L. and Goss,
	Kay C. and McEntire, David A. and Newsome, Lee and Selvers, Michael
	D. and Sorchik, Eric A. and Stenson, Kim and Turner, III, James E.
	and Waugh, Jr., William L. and West, Dewayne},
  title = {Principles of Emergency Management Supplement},
  institution = {International Association of Emergency Managers},
  year = {2007}
}

@MISC{bockting2005,
  author = {Bockting, Sander},
  title = {A Semantic Translation Service using Ontologies},
  year = {2005}
}

@TECHREPORT{boothEtAl2004,
  author = {Booth, David and Haas, Hugo and Mccabe, Francis and Newcomer, Eric
	and Champion, Michael and Ferris, Chris and Orchard, David},
  title = {Web Services Architecture},
  institution = {W3C},
  year = {2004},
  type = {{W3C} Recommendation},
  url = {http://www.w3.org/TR/ws-arch/}
}

@BOOK{bordiniEtAl2007,
  title = {Programming multi-agent systems in {AgentSpeak} using {Jason}},
  publisher = WILEY_PUBLISHER,
  year = {2007},
  author = {Bordini, R. H. and H{\"u}bner, J. F. and Wooldridge, M. J.},
  address = {Chichester, UK}
}

@BOOK{boslaughWatters2008,
  title = {Statistics in a nutshell},
  publisher = {O'Reilly \& Associates, Inc.},
  year = {2008},
  author = {Boslaugh, Sarah and Watters, Dr. Paul A.},
  address = {California, USA},
  isbn = {9780596510497}
}

@INPROCEEDINGS{brandaoEtAl2007-aamas,
  author = {Brand{\~a}o, Anarosa A. F. and Vercouter, Laurent and Casare, Sara
	and Sichman, Jaime S.},
  title = {Exchanging reputation values among heterogeneous agent reputation
	models: an experience on {ART} testbed},
  booktitle = {Proceedings of the 6th International Joint Conference on Autonomous
	Agents and Multiagent Systems (AAMAS'07)},
  year = {2007},
  pages = {1--3},
  address = {New York, USA},
  publisher = ACM_PUBLISHER,
  location = {Honolulu, USA}
}

@INPROCEEDINGS{brandaoEtAl2007-trust,
  author = {Brand{\~a}o, Anarosa A. F. and Vercouter, Laurent and Casare, Sara
	J. and Sichman, Jaime S.},
  title = {Extending the {ART Testbed} to Deal with Heterogeneous Agent Reputation
	Models},
  booktitle = {Proceedings of the 10th International Workshop on Trust in Agent
	Societies (TRUST'07)},
  year = {2007},
  editor = {Castelfranchi, C. and Barber, S. and Sabater-Mir, J. and Singh, M.},
  address = {Honolulu, USA}
}

@BOOK{bratman1987,
  title = {Intention, Plans, and Practical Reasoning},
  publisher = {Harvard University Press},
  year = {1987},
  author = {Bratman, M. E.},
  address = {Cambridge, USA}
}

@INPROCEEDINGS{deBritoEtAl2011,
  author = {de Brito, Irineu and Hino, Celso and Gon{\c c}alves, Paulo and Andrade,
	Luiz and Moreira, Charliston and Costa, Gustavo and Nardin, Luis
	G. and Yoshizaki, Hugo Y. and de Magalhaes, David J.},
  title = {Reducing CO2 Emissions due to a shift from Road to Cabotage Transport
	of Cargo in Brazil},
  booktitle = {Proceedings of the 29th International Conference of the System Dynamics
	Society},
  year = {2011},
  address = {Washington, USA}
}

@PHDTHESIS{buranarach2001,
  author = {Buranarach, Marut},
  title = {The Foundation for Semantic Interoperability on the World Wide Web},
  school = {University of Pittsburgh},
  year = {2001}
}

@TECHREPORT{carrollRoo2007,
  author = {Carroll, Jeremy J. and de Roo, Jos},
  title = {{OWL} Web Ontology Language Test Cases},
  institution = {W3C},
  year = {2004},
  type = {{W3C} Recommendation},
  url = {http://www.w3.org/TR/2004/REC-owl-test-20040210/}
}

@MASTERSTHESIS{casare2005,
  author = {Casare, Sara},
  title = {Uma Ontologia Funcional de Reputa\c{c}{\~a}o},
  school = {Escola Polit{'e}cnica -- Universidade de S{\~a}o Paulo},
  year = {2005},
  note = {169 p.}
}

@INPROCEEDINGS{casareSichman2005-aamas,
  author = {Casare, Sara and Sichman, Jaime S.},
  title = {Towards a Functional Ontology of Reputation},
  booktitle = {Proceedings of the 4th International Joint Conference on Autonomous
	Agents and Multiagent Systems (AAMAS'05), July 25-29, 2005, Utrecht,
	The Netherlands},
  year = {2005},
  pages = {505--511},
  address = {Utrecht, The Netherlands},
  publisher = ACM_PUBLISHER
}

@ARTICLE{casareSichman2005-jbcs,
  author = {Casare, Sara and Sichman, Jaime S.},
  title = {Using a Functional Ontology of Reputation to Interoperate Different
	Agent Reputation Models},
  journal = {Journal of the Brazilian Computer Society},
  year = {2005},
  volume = {11},
  pages = {79--94},
  number = {2}
}

@INPROCEEDINGS{castelfranchi2000,
  author = {Castelfranchi, Cristiano},
  title = {Engineering Social Order},
  booktitle = {Proceedings of the First International Workshop on Engineering Societies
	in the Agent World (ESAW'00)},
  year = {2000},
  volume = {1972},
  pages = {1--18},
  address = {London, UK},
  publisher = SPRINGER_VERLAG_PUBLISHER
}

@ARTICLE{castelfranchiEtAl1998,
  author = {Castelfranchi, Cristiano and Conte, Rosaria and Paolucci, Mario},
  title = {Normative Reputation and the Costs of Compliance},
  journal = JASSS_NAME,
  year = {1998},
  volume = {1},
  number = {3},
  url = {http://ideas.repec.org/a/jas/jasssj/1997-10-1.html}
}

@INPROCEEDINGS{castelfranchiFalcone1998,
  author = {Cristiano Castelfranchi and Rino Falcone},
  title = {Principles of Trust in {MAS}: Cognitive Anatomy, Social Importance,
	and Quantification},
  booktitle = {Proceedings of International Conference on Multi Agent Systems (ICMAS'98)},
  year = {1998},
  pages = {72--79},
  address = {Washington, USA},
  publisher = IEEE_CS_PUBLISHER
}

@INPROCEEDINGS{changEtAl2006,
  author = {Chang, Elizabeth and Hussain, Farookh K. and Dillon, Tharam S.},
  title = {Reputation Ontology for Reputation Systems},
  booktitle = {Proceedings of the International Workshop on Web Semantics (SWWS'06)},
  year = {2006},
  editor = {Meersman, Robert and Tari, Zahir and Herrero, Pilar},
  volume = {4278},
  series = LNCS,
  pages = {1724--1733},
  address = {Montpellier, France},
  publisher = SPRINGER_VERLAG_PUBLISHER,
  isbn = {3-540-48273-3}
}

@INPROCEEDINGS{changEtAl2005,
  author = {Chang, Elizabeth and Hussain, Farookh K. and Dillon, Tharam S.},
  title = {Towards Defining an Ontology for Reputation},
  booktitle = IEEE_J_SMC,
  year = {2005},
  volume = {3},
  number = {10--12},
  pages = {2601--2607},
  address = {Hawaii, USA},
  publisher = IEEE_PUBLISHER
}

@TECHREPORT{christensenEtAl2001,
  author = {Christensen, Erik and Curbera, Francisco and Meredith, Greg and Weerawarana,
	Sanjiva},
  title = {Web Services Description Language ({WSDL}) 1.1},
  institution = {W3C},
  year = {2001},
  type = {Note},
  url = {http://www.w3.org/TR/wsdl}
}

@BOOK{contePaolucci2002,
  title = {Reputation in Artificial Societies. Social Beliefs for Social Order},
  publisher = KLUWER_PUBLISHER,
  year = {2002},
  author = {Conte, Rosaria and Paolucci, Mario},
  address = {Boston, USA},
  howpublished = {Hardcover},
  isbn = {9781402071867}
}

@ARTICLE{contrerasSheremetov2008,
  author = {Contreras, Miguel and Sheremetov, Leonid},
  title = {Industrial application integration using the unification approach
	to agent-enabled semantic {SOA}},
  journal = {Robot. Comput.-Integr. Manuf.},
  year = {2008},
  volume = {24},
  pages = {680--695},
  number = {5},
  address = {Tarrytown, USA},
  publisher = {Pergamon Press, Inc.}
}

@ARTICLE{corchoEtAl2003,
  author = {Corcho, Oscar and Fern\'andez-L\'opez, Mariano and G\'omez-P\'erez,
	Asunci\'on},
  title = {Methodologies, tools and languages for building ontologies: where
	is their meeting point?},
  journal = {Data \& Knowledge Engineering},
  year = {2003},
  volume = {46},
  pages = {41--64},
  number = {1},
  address = {Amsterdam, The Netherlands},
  publisher = ELSEVIER_PUBLISHER
}

@ARTICLE{corkillLesser1983,
  author = {Corkill, Daniel D. and Lesser, Victor R.},
  title = {The Distributed Vehicle Monitoring Testbed: A Tool for Investigating
	Distributed Problem Solving Networks},
  journal = {AI Magazine},
  year = {1983},
  volume = {4},
  pages = {15--33},
  number = {3},
  month = {Fall},
  annote = {A survey about the DVMT system}
}

@INPROCEEDINGS{coutinhoEtAl2008,
  author = {Coutinho, Luciano and Brand{\~a}o, Anarosa A. F. and Sichman, Jaime
	S. and Boissier, Olivier},
  title = {Model-Driven Integration of Organizational Models},
  booktitle = {Proceedings of the 9th International Workshop on Agent Oriented Software
	Engineering (AOSE'08)},
  year = {2008},
  address = {Estoril, Portugal}
}

@INPROCEEDINGS{dameronEtAl2004,
  author = {Dameron, O. and Noy, N. F. and Knublauch, H. and Musen, M. A.},
  title = {Accessing and Manipulating Ontologies Using Web Services},
  booktitle = {Proceedings of the 3rd International Semantic Web Conference (ISWC'04)},
  year = {2004},
  address = {Hiroshima, Japan}
}

@TECHREPORT{deanSchreiber2004,
  author = {Dean, Mike and Schreiber, Guus},
  title = {{OWL} Web Ontology Language Reference},
  institution = {W3C},
  year = {2004},
  type = {{W3C} Recommendation},
  url = {http://www.w3.org/TR/owl-ref/}
}

@ARTICLE{dijkstra1959,
  author = {Dijkstra, Edsger W.},
  title = {A note on two problems in connexion with graphs},
  journal = {Numerische Mathematik},
  year = {1959},
  volume = {1},
  pages = {269--271}
}

@INPROCEEDINGS{doan2003,
  author = {Doan, Anhai and Madhavan, Jayant and Dhamankar, Robin and Domingos,
	Pedro and Halevy, Alon},
  title = {Learning to Match Ontologies on the Semantic Web},
  booktitle = {The VLDB Journal},
  year = {2003},
  volume = {12},
  number = {4},
  pages = {303--319},
  address = {Secaucus, USA},
  publisher = SPRINGER_VERLAG_PUBLISHER
}

@INPROCEEDINGS{douEtAl2003,
  author = {Dou, Dejing and Mcdermott, Drew and Qi, Peishen},
  title = {Ontology Translation on the Semantic Web},
  booktitle = {On The Move to Meaningful Internet Systems 2003: CoopIS, DOA, and
	ODBASE},
  year = {2003},
  volume = {2888},
  series = LNCS,
  pages = {952--969},
  address = {Heidelberg, Germany},
  publisher = SPRINGER_VERLAG_PUBLISHER
}

@INPROCEEDINGS{durfeeLesser1987,
  author = {Durfee, Edmund and Lesser, Victor},
  title = {Using Partial Global Plans to Coordinate Distributed Problem Solvers},
  booktitle = {Proceedings of the Tenth International Joint Conference on Artificial
	Intelligence},
  year = {1987},
  pages = {875--883}
}

@BOOK{durfee1988,
  title = {Coordination of Distributed Problem Solvers},
  publisher = KLUWER_PUBLISHER,
  year = {1988},
  author = {Durfee, E. H.},
  address = {Dordrecht, The Netherlands}
}

@ARTICLE{durfeeLesser1991,
  author = {Durfee, E. H. and Lesser, V. R.},
  title = {Partial Global Planning: A Coordination Framework for Distributed
	Hypothesis Formation},
  journal = IEEE_J_SMC,
  year = {1991},
  volume = {21},
  pages = {1167--1183},
  number = {5},
  month = {sep/oct},
  doi = {10.1109/21.120067},
  publisher = IEEE_PUBLISHER,
  url = {http://dx.doi.org/10.1109/21.120067}
}

@BOOK{erl2007,
  title = {{SOA}: Principles of Service Design},
  publisher = {Prentice Hall PTR},
  year = {2007},
  author = {Erl, Thomas},
  address = {Upper Saddle River, USA},
  isbn = {0132344823}
}

@ARTICLE{farquharEtAl1997,
  author = {Farquhar, A. and Fikes, R. and Rice, J.},
  title = {The {Ontolingua Server}: a tool for collaborative ontology construction},
  journal = {International Journal of Human-Computer Studies / International Journal
	of Man-machine Studies},
  year = {1997},
  volume = {46},
  pages = {707--727},
  issn = {1071-5819},
  issue = {6},
  publisher = ELSEVIER_PUBLISHER
}

@INPROCEEDINGS{fernandez-lopesEtAl1997,
  author = {Fern\'andez-Lopes, Mariano and G\'omez-P\'erez, Asunci\'on and Jurino,
	N.},
  title = {{METHONTOLOGY}: From Ontological Art Towards Ontological Engineering},
  booktitle = {Proceedings of the AAAI97 Spring Symposium Series on Ontological
	Engineering},
  year = {1997},
  pages = {33--40},
  address = {Stanford, USA},
  publisher = {AAAI}
}

@ARTICLE{ferreiraEtAl2010,
  author = {Ferreira,Jr.,Paulo R. and Fernando dos Santos and Bazzan, Ana L.
	and Epstein, Daniel and Waskow, Samuel J.},
  title = {RoboCup Rescue as multiagent task allocation among teams: experiments
	with task interdependencies},
  journal = JAAMAS_NAME,
  year = {2010},
  volume = {20},
  pages = {421--443},
  month = {May},
  address = {Hingham, USA},
  doi = {10.1007/s10458-009-9087-8},
  issn = {1387-2532},
  issue = {3},
  publisher = SPRINGER_PUBLISHER,
  url = {http://dx.doi.org/10.1007/s10458-009-9087-8}
}

@TECHREPORT{fikesAtAl2003,
  author = {Fikes, Richard and Hayes, Patrick and Horrocks, Ian},
  title = {{OWL-QL} - a language for deductive query answering on the semantic
	web},
  institution = {Stanford University},
  year = {2003}
}

@MISC{fullamEtAl2007,
  author = {Fullam, Karen K. and Klos, Tomas B. and Muller, Guillaume and Sabater-Mir,
	Jordi and Schlosser, Andreas and Topol, Zvi and Barber, K. S. and
	Rosenschein, Jeffrey S. and Vercouter, Laurent and Voss, Marco},
  title = {The Agent Reputation and Trust (ART) Testbed Game Description (Version
	2.0)},
  year = {2007},
  url = {http://www.lips.utexas.edu/art-testbed/pdf/SpecSummary.pdf}
}

@INPROCEEDINGS{fullamEtAl2005-aamas,
  author = {Fullam, Karen K. and Klos, Tomas B. and Muller, Guillaume and Sabater-Mir,
	Jordi and Schlosser, Andreas and Topol, Zvi and Barber, K. S. and
	Rosenschein, Jeffrey S. and Vercouter, Laurent and Voss, Marco},
  title = {A specification of the Agent Reputation and Trust ({ART}) testbed:
	experimentation and competition for trust in agent societies},
  booktitle = {Proceedings of the 4th International Joint Conference on Autonomous
	Agents and Multiagent Systems (AAMAS'05)},
  year = {2005},
  pages = {512--518},
  address = {New York, USA},
  publisher = ACM_PUBLISHER,
  location = {Utrecht, The Netherlands}
}

@INPROCEEDINGS{fullamEtAl2005-aird,
  author = {Fullam, Karen K. and Klos, Tomas B. and Muller, Guillaume and Sabater-Mir,
	Jordi and Topol, Zvi and Barber, K. S. and Rosenschein, Jeffrey and
	Vercouter, Laurent},
  title = {The Agent Reputation and Trust ({ART}) Testbed Architecture},
  booktitle = {Proceeding of the 2005 Conference on Artificial Intelligence Research
	and Development},
  year = {2005},
  pages = {389--396},
  address = {Amsterdam, The Netherlands},
  publisher = {IOS Press}
}

@TECHREPORT{geneserethFikes1992,
  author = {Genesereth, Michael R. and Fikes, Richard E.},
  title = {Knowledge interchange format, version 3.0 reference manual},
  institution = {Computer Science Department, Stanford University},
  year = {1992},
  address = {Stanford, USA}
}

@ARTICLE{gruber1993,
  author = {Gruber, Thomas R.},
  title = {A Translation Approach to Portable Ontology Specifications},
  journal = {Knowledge Acquisition},
  year = {1993},
  volume = {5},
  pages = {199--220},
  number = {2},
  address = {London, UK},
  publisher = {Academic Press Ltd.}
}

@INPROCEEDINGS{guarino1998,
  author = {Guarino, Nicola},
  title = {Formal ontology and information systems},
  booktitle = {Proceedings of the First International Conference on Formal Ontologies
	in Information Systems (FOIS'98)},
  year = {1998},
  pages = {3--15},
  address = {Amsterdam, The Netherlands},
  publisher = {IOS Press}
}

@ARTICLE{guijarro2009,
  author = {Guijarro, Luis},
  title = {Semantic interoperability in {eGovernment} initiatives},
  journal = {Comput. Stand. Interfaces},
  year = {2009},
  volume = {31},
  pages = {174--180},
  number = {1},
  address = {Amsterdam, The Netherlands},
  doi = {10.1016/j.csi.2007.11.011},
  issn = {0920-5489},
  publisher = ELSEVIER_PUBLISHER,
  url = {http://dx.doi.org/10.1016/j.csi.2007.11.011}
}

@INPROCEEDINGS{haarslevMoller2003,
  author = {Haarslev, Volker and M\"oller, Ralf},
  title = {Racer: A Core Inference Engine for the Semantic Web},
  booktitle = {International Workshop on Evaluation of Ontology-based Tools},
  year = {2003},
  pages = {27--36}
}

@INPROCEEDINGS{haarslevEtAl2004,
  author = {Haarslev, Volker and M\"oller, Ralf and Wessel, Michael},
  title = {Querying the semantic web with {RACER + nRQL}},
  booktitle = {Proceedings of the KI-2004 International Workshop on Applications
	of Description Logics (ADL'04)},
  year = {2004}
}

@ARTICLE{hartEtAl1968,
  author = {Hart, P. E. and Nilsson, N. J. and Raphael, B.},
  title = {A Formal Basis for the Heuristic Determination of Minimum Cost Paths},
  journal = IEEE_J_SSC,
  year = {1968},
  volume = {4},
  pages = {100--107},
  number = {2},
  doi = {10.1109/TSSC.1968.300136},
  publisher = IEEE_PUBLISHER,
  url = {http://dx.doi.org/10.1109/TSSC.1968.300136}
}

@TECHREPORT{hassBrown2004,
  author = {Hass, Hugo and Brown, Allen},
  title = {Web Services Glossary},
  institution = {W3C},
  year = {2004},
  type = {Working Group Note},
  url = {http://www.w3.org/TR/ws-gloss/}
}

@ARTICLE{heijstEtAl1997,
  author = {van Heijst, G. and Schreiber, A. TH. and Wielinga, B. J.},
  title = {Using explicit ontologies in {KBS} development},
  journal = {International Journal of Human-Computer Studies},
  year = {1997},
  volume = {46},
  pages = {183--292},
  number = {2--3},
  month = {March},
  address = {Duluth, USA},
  doi = {10.1006/ijhc.1996.0090},
  publisher = ELSEVIER_PUBLISHER,
  url = {http://dx.doi.org/10.1006/ijhc.1996.0090}
}

@TECHREPORT{horridgeEtAl2004,
  author = {Horridge, Matthew and Knublauch, Holger and Rector, Alan and Stevens,
	Robert and Wroe, Chris},
  title = {A Practical Guide To Building {OWL} Ontologies Using The Prot\'eg\'e-{OWL}
	Plugin and {CO-ODE} Tools Edition 1.0},
  institution = {The University Of Manchester and Stanford University},
  year = {2004},
  address = {The University Of Manchester}
}

@INPROCEEDINGS{horrocks2002,
  author = {Horrocks, Ian},
  title = {Reviewing the design of {DAML+OIL}: An ontology language for the
	semantic web},
  booktitle = {Proceedings of the 18th National Conference on Artificial Intelligence
	(AAAI'02)},
  year = {2002},
  pages = {792--797},
  publisher = {AAAI Press}
}

@INPROCEEDINGS{horrocks1999,
  author = {Horrocks, Ian},
  title = {{FaCT and iFaCT}},
  booktitle = {Proceedings of the International Workshop on Description Logics (DL'99)},
  year = {1999},
  volume = {22},
  series = {CEUR Workshop Proceedings},
  pages = {133--135},
  address = {Linkping, Sweden},
  publisher = {CEUR-WS.org}
}

@ARTICLE{hotelling1931,
  author = {Hotelling, Harold},
  title = {The generalization of Student's ratio},
  journal = {The Annals of Mathematical Statistics},
  year = {1931},
  volume = {2},
  pages = {360--378},
  number = {3}
}

@ARTICLE{huffman1952,
  author = {Huffman, D. A.},
  title = {A Method for the Construction of {Minimum-Redundancy} Codes},
  journal = {Proceedings of the IRE},
  year = {1952},
  volume = {40},
  pages = {1098--1101},
  number = {9},
  doi = {10.1109/JRPROC.1952.273898},
  issn = {0096-8390},
  url = {http://dx.doi.org/10.1109/JRPROC.1952.273898}
}

@INPROCEEDINGS{huynhEtAl2004-ecai,
  author = {Huynh, Trung D. and Jennings, Nicholas R. and Shadbolt, Nigel},
  title = {{FIRE}: An Integrated Trust and Reputation Model for Open Multi-Agent
	Systems},
  booktitle = {Proceedings of the 16th European Conference on Artificial Intelligence},
  year = {2004},
  pages = {18--22},
  address = {Valencia, Spain}
}

@INPROCEEDINGS{hubnerEtAl2002,
  author = {H{\"u}bner, Jomi F. and Sichman, Jaime S. and Boissier, Olivier},
  title = {A Model for the Structural, Functional and Deontic Specification
	of Organizations in Multiagent Systems},
  booktitle = {Advances in Artificial Intelligence},
  year = {2002},
  editor = {Bittencourt, Guilherme and Ramalho, Geber},
  volume = {2507},
  series = LNAI,
  pages = {118--128},
  address = {Porto de Galinhas, Brazil},
  publisher = SPRINGER_PUBLIHSER
}

@TECHREPORT{ieee-14712000,
  author = {IEEE},
  title = {{IEEE} Recommended Practice for Architectural Description of Software-Intensive
	Systems},
  institution = {{IEEE}},
  year = {2000},
  journal = {IEEE Std 1471-2000},
  pages = {i--23},
  publisher = {ANSI/IEEE},
  volume = {1471-2000}
}

@BOOK{ieee-glossary1991,
  title = {{IEEE} standard computer dictionary : a compilation of {IEEE} standard
	computer glossaries},
  publisher = IEEE_CS_PUBLISHER,
  year = {1991},
  author = {IEEE},
  address = {New York, USA},
  howpublished = {Hardcover},
  isbn = {1559370793}
}

@BOOK{iso88791986,
  title = {{ISO} 8879:1986 - Information Processing, Text and Office Systems,
	Standard Generalized Markup Language ({SGML})},
  publisher = {International Organization for Standardization},
  year = {1986},
  author = {ISO},
  pages = {xi + 155},
  address = {Geneva, Switzerland},
  url = {http://www.iso.ch/cate/d16387.html}
}

@INPROCEEDINGS{jean-maryEtAl2009,
  author = {Jean-Mary, Yves R. and Shironoshita, Patrick and Kabuka, Mansur R.},
  title = {{ASMOV}: Results for {OAEI} 2009},
  booktitle = {Proceedings of the ISWC 2009 Workshop on Ontology Matching},
  year = {2009},
  volume = {551},
  series = {CEUR Workshop Proceedings},
  pages = {152--159},
  address = {Linkping, Sweden},
  publisher = {CEUR-WS.org}
}

@ARTICLE{jennings2001,
  author = {Jennings, N. R.},
  title = {An agent-based approach for building complex software systems},
  journal = {Communications of the ACM},
  year = {2001},
  volume = {44},
  pages = {35--41},
  number = {4},
  publisher = ACM_PUBLISHER
}

@BOOK{johnsonWichern2002,
  title = {Applied multivariate statistical analysis},
  publisher = {Prentice-Hall},
  year = {2002},
  author = {Johnson, Richard A. and Wichern, Dean W.},
  address = {New Jersey, USA},
  edition = {5th},
  isbn = {0-13-092553-5}
}

@INPROCEEDINGS{kafaliYolum2006,
  author = {Kafali, \"Og\"ur and Yolum, Pinar},
  title = {Trust Strategies for {ART} Testbed},
  booktitle = {Proceedings of the 5th International Joint Conference on Autonomous
	Agents and Multiagent Systems (AAMAS'06)},
  year = {2006},
  pages = {71--78},
  address = {Hakodate, Japan},
  publisher = ACM_PUBLISHER
}

@ARTICLE{kalfoglouSchorlemmer2003,
  author = {Kalfoglou, Yannis and Schorlemmer, Marco},
  title = {Ontology Mapping: the State of the Art},
  journal = {The Knowledge Engineering Review},
  year = {2003},
  volume = {18},
  pages = {1--31},
  number = {1},
  address = {New York, USA},
  publisher = {Cambridge University Press}
}

@ARTICLE{kitanoTadokoro2001,
  author = {Kitano, Hiroaki and Tadokoro, Satoshi},
  title = {RoboCup Rescue: A Grand Challenge for Multiagent and Intelligent
	Systems},
  journal = {AI Magazine},
  year = {2001},
  volume = {22},
  pages = {39--52},
  number = {1}
}

@INPROCEEDINGS{kitanoEtAl1999,
  author = {Kitano, Hiroaki and Tadokoro, Satoshi and Noda, I. and Matsubara,
	H. and Takahashi, T. and Shinjou, A. and Shimada, S.},
  title = {Robocup rescue: Search and rescue in large-scale disasters as a domain
	for autonomous agents research},
  booktitle = {Proceedings of the {IEEE} International Conference on Systems, Man,
	and Cybernetics},
  year = {1999},
  volume = {6},
  pages = {739--743},
  address = {Tokyo, Japan},
  month = {October},
  publisher = IEEE_PUBLISHER
}

@TECHREPORT{klyneCarroll2004,
  author = {Klyne, Graham and Carroll, Jeremy J.},
  title = {Resource Description Framework ({RDF}): Concepts and Abstract Syntax},
  institution = {W3C},
  year = {2004},
  type = {{W3C} Recommendation},
  url = {http://www.w3.org/TR/rdf-concepts/}
}

@ARTICLE{koenigLikhachev2005,
  author = {Koenig, Sven and Likhachev, Maxim},
  title = {Fast Replanning for Navigation in Unknown Terrain},
  journal = {{IEEE} Transactions on Robotics},
  year = {2005},
  volume = {21},
  pages = {354--363},
  number = {3},
  publisher = IEEE_PUBLISHER
}

@INCOLLECTION{kravariEtAl2009,
  author = {Kravari, Kalliopi and Kontopoulos, Efstratios and Bassiliades, Nick},
  title = {A Trusted Defeasible Reasoning Service for Brokering Agents in the
	Semantic Web},
  booktitle = {Intelligent Distributed Computing III},
  publisher = SPRINGER_PUBLISHER,
  year = {2009},
  editor = {Papadopoulos, George and Badica, Costin},
  volume = {237},
  series = {Studies in Computational Intelligence},
  pages = {243--248},
  doi = {10.1007/978-3-642-03214-1_26},
  url = {http://dx.doi.org/10.1007/978-3-642-03214-1_26}
}

@BOOK{luckEtAl2005,
  title = {Agent Technology: Computing as Interaction (A Roadmap for Agent Based
	Computing)},
  publisher = {AgentLink},
  year = {2005},
  author = {Luck, M. and McBurney, P. and Shehory, O. and Willmott, S.}
}

@INPROCEEDINGS{madhavanEtAl2001,
  author = {Madhavan, Jayant and Bernstein, Philip A. and Rahm, Erhard},
  title = {Generic Schema Matching with Cupid},
  booktitle = {Proceedings of the 27th International Conference on Very Large Data
	Bases (VLDB'01)},
  year = {2001},
  pages = {49--58},
  address = {San Francisco, USA},
  publisher = MORGAN_PUBLISHER
}

@BOOK{mcgovernEtAl2003,
  title = {Java Web Service Architecture},
  publisher = MORGAN_PUBLISHER,
  year = {2003},
  author = {McGovern, J. and Tyagi, S. and Stevens, M. and Mathew, S.},
  address = {San Francisco, USA}
}

@INPROCEEDINGS{mcguinessEtAl2000,
  author = {McGuinness, Debora L. and Fikes, Richard and Rice, James and Wilder,
	Steve},
  title = {The Chimaera Ontology Environment},
  booktitle = {Proceedings of the 7th National Conference on Artificial Intelligence
	and 20th Conference on Innovative Applications of Artificial Intelligence},
  year = {2000},
  pages = {1123--1124},
  address = {Austin, USA},
  publisher = {AAAI Press/The MIT Press}
}

@TECHREPORT{mcguinnessHarmelen2004,
  author = {McGuinness, Deborah L. and van Harmelen, Frank},
  title = {{OWL} Web Ontology Language Overview},
  institution = {W3C},
  year = {2004},
  type = {{W3C} Recommendation},
  url = {http://www.w3.org/TR/owl-features/}
}

@ARTICLE{mcilraithMartin2003,
  author = {Mcilraith, S. and Martin, D.},
  title = {Bringing semantics to Web services},
  journal = {IEEE Intelligent Systems},
  year = {2003},
  volume = {18},
  pages = {90--93},
  number = {1}
}

@INPROCEEDINGS{meditskosBassiliades2008,
  author = {Meditskos, Georgios and Bassiliades, Nick},
  title = {Combining a {DL} Reasoner and a Rule Engine for Improving Entailment-Based
	{OWL} Reasoning},
  booktitle = {The Semantic Web - ISWC 2008, 7th International Semantic Web Conference,
	ISWC 2008, Karlsruhe, Germany, October 26-30, 2008. Proceedings},
  year = {2008},
  volume = {5318},
  series = LNCS,
  pages = {277--292},
  publisher = SPRINGER_VERLAG_PUBLISHER
}

@TECHREPORT{mitraLafon2007,
  author = {Mitra, Nilo and Lafon, Yves},
  title = {{SOAP} Version 1.2 Part 0: Primer (Second Edition)},
  institution = {W3C},
  year = {2007},
  type = {{W3C} Recommendation},
  url = {http://www.w3.org/TR/soap12-part0/}
}

@TECHREPORT{morimoto2002,
  author = {Morimoto, T.},
  title = {How to Develop a RoboCupRescue Agent for RoboCupRescue Simulation
	System},
  institution = {RoboCupRescue Technical Committee},
  year = {2002}
}

@PHDTHESIS{mui2002-thesis,
  author = {Mui, Lik},
  title = {Computational Models of Trust and Reputation: Agents, Evolutionary
	Games, and Social Networks},
  school = {Massachusetts Institute of Technology},
  year = {2002},
  pages = {139}
}

@INPROCEEDINGS{muiEtAl2002-aamas,
  author = {Mui, Lik and Halberstadt, Ari and Mohtashemi, Mojdeh},
  title = {Evaluating Reputation in Multi-agents Systems},
  booktitle = {Trust, Reputation, and Security: Theories and Practice, AAMAS 2002
	International Workshop, Bologna, Italy, July 15, 2002, Selected and
	Invited Papers},
  year = {2002},
  editor = {Falcone, Rino and Barber, K. S. and Korba, Larry and Singh, Munindar
	P.},
  pages = {123--137},
  publisher = SPRINGER_VERLAG_PUBLISHER,
  location = {Bologna, Italy}
}

@INPROCEEDINGS{muiEtAl2002,
  author = {Mui, L. and Mohtashemi, M. and Halberstadt, A.},
  title = {A computational model of trust and reputation},
  booktitle = {Proceedings of the 35th Annual Hawaii International Conference on
	System Sciences (HICSS'02)},
  year = {2002},
  pages = {2431--2439}
}

@TECHREPORT{mullerVercouter2008,
  author = {Muller, Guillaume and Vercouter, Laurent},
  title = {{L.I.A.R.} Achieving Social Control in Open and Decentralised Multi-Agent
	Systems},
  institution = {{\'E}cole Nationale Sup{\'e}rieure des Mines de Saint-{\'E}tienne},
  year = {2008},
  address = {Saint-{\'E}tienne, France}
}

@INPROCEEDINGS{nairEtAl2002,
  author = {Nair, R. and Ito, T. and Tambe, M. and Marsella, S.},
  title = {Task allocation in the rescue simulation domain: A short note},
  booktitle = {RoboCup 2001: Robot Soccer World Cup V},
  year = {2002},
  editor = {A. Birk and S. Coradeschi},
  volume = {2377},
  series = LNCS,
  pages = {751--754},
  address = {London, UK},
  publisher = SPRINGER_VERLAG_PUBLISHER
}

@MASTERSTHESIS{nardin2009-dissertation,
  author = {Nardin, Luis G.},
  title = {Uma Arquitetura de Apoio {\`a} Interoperabilidade de Modelos de Reputa\c{c}{\~a}o
	de Agentes},
  school = {Escola Polit{\'e}cnica -- Universidade de S{\~a}o Paulo},
  year = {2009},
  pages = {146}
}

@INPROCEEDINGS{nardinEtAl2011-icore,
  author = {Nardin, Luis G. and Brand{\~a}o, Anarosa A.F. and Kira, Elisabeti
	and Sichman, Jaime S.},
  title = {Effects of communication expressiveness in agent reputation models
	interoperability: A multivariate analysis approach},
  booktitle = {Proceedings of the 2nd International Conference on Reputation},
  year = {2011},
  address = {Montpellier, France}
}

@INCOLLECTION{nardinEtAl2008-lnai,
  author = {Nardin, Luis G. and Brand{\~a}o, Anarosa A. and Sichman, Jaime S.
	and Vercouter, Laurent},
  title = {{SOARI}: A Service Oriented Architecture to Support Agent Reputation
	Models Interoperability},
  booktitle = {Trust in Agent Societies: 11th International Workshop, TRUST 2008,
	Estoril, Portugal, May 12 -13, 2008. Revised Selected and Invited
	Papers},
  publisher = SPRINGER_PUBLISHER,
  year = {2008},
  editor = {Falcone, Rino and Barber, Suzanne K. and Sabater-Mir, Jordi and Singh,
	Munindar P.},
  number = {5396},
  series = LNAI,
  pages = {292--307},
  address = {Berlin, Germany},
  doi = {10.1007/978-3-540-92803-4_15},
  isbn = {978-3-540-92802-7},
  location = {Estoril, Portugal},
  url = {http://dx.doi.org/10.1007/978-3-540-92803-4_15}
}

@ARTICLE{nardinEtAl2011-eaai,
  author = {Nardin, Luis G. and Brand{\~a}o, Anarosa A. F. and Sichman, Jaime
	S.},
  title = {Experiments on semantic interoperability of agent reputation models
	using the {SOARI} architecture},
  journal = EAAI_NAME,
  year = {2011},
  volume = {24},
  pages = {1461--1471},
  number = {8},
  doi = {10.1016/j.engappai.2011.05.004},
  issn = {0952-1976},
  keywords = {Semantic interoperability, Service oriented architecture,Reputation,Multiagent
	systems,Artificial intelligence},
  publisher = ELSEVIER_PUBLISHER,
  url = {http://dx.doi.org/10.1016/j.engappai.2011.05.004}
}

@INPROCEEDINGS{nardinEtAl2008-trust,
  author = {Nardin, Luis G. and Brand{\~a}o, Anarosa A. F. and Sichman, Jaime
	S. and Vercouter, Laurent},
  title = {An Ontology Mapping Service to Support Agent Reputation Models Interoperability},
  booktitle = {Proceedings of the 11th International Workshop on Trust in Agent
	Societies},
  year = {2008},
  pages = {140--144},
  address = {Estoril, Portugal}
}

@INPROCEEDINGS{nardinEtAl2008-wonto,
  author = {Nardin, Luis G. and Brand{\~a}o, Anarosa A. F. and Sichman, Jaime
	S. and Vercouter, Laurent},
  title = {A Service-Oriented Architecture to Support Agent Reputation Models
	Interoperability},
  booktitle = {Proceedings of the 3rd Workshop on Ontologies and Their Applications},
  year = {2008},
  volume = {427},
  series = {CEUR Workshop Proceedings},
  address = {Salvador, Brazil},
  publisher = {CEUR-WS.org}
}

@INPROCEEDINGS{nardinEtAl2009-trust,
  author = {Nardin, Luis G. and Muller, Guillaume and Brand{\~a}o, Anarosa A.
	F. and Sichman, Jaime S. and Vercouter, Laurent},
  title = {Effects of expressiveness and heterogeneity of reputation modelsin
	the {ART} testbed: Some preliminary experiments using the {SOARI}
	architecture},
  booktitle = {Proceedings of the 12th International Workshop on Trust in Agent
	Societies},
  year = {2009},
  address = {Budapest, Hungary}
}

@ARTICLE{nardinJaime2011-ieee,
  author = {Nardin, Luis G. and Sichman, Jaime S.},
  title = {Simulating the Impact of Trust in Coalition Formation: A Preliminary
	Analysis},
  journal = {Advances in Social Simulation, Post-Proceedings of the Brazilian
	Workshop on Social Simulation},
  year = {2011},
  volume = {0},
  pages = {33--40},
  month = {oct.},
  address = {Los Alamitos, USA},
  doi = {10.1109/BWSS.2010.12},
  editor = {Gra\c{c}aliz Pereira Dimuro and Ant{\^o}nio Carlos da Rocha Costa
	and Jaime Sichman and Diana Adamatti and Patric{\'i}a Tedesco and
	Jo{\~a}o Balsa and Luis Antunes},
  isbn = {978-0-7695-4471-7},
  publisher = {IEEE Computer Society},
  url = {http://doi.ieeecomputersociety.org/10.1109/BWSS.2010.12}
}

@INPROCEEDINGS{nardinSichman2011-csssa,
  author = {Nardin, Luis G. and Sichman, Jaime S.},
  title = {A Study of the Infuence of Trust in Coalition Formation},
  booktitle = {Proceedings of the 2011 Computational Social Science Society of America
	Annual Conference},
  year = {2011},
  address = {Santa Fe, USA},
  url = {http://computationalsocialscience.org/publication/nardin}
}

@INPROCEEDINGS{nardinSichman2010-bwss,
  author = {Nardin, Luis G. and Sichman, Jaime S.},
  title = {Preliminary Analysis of the Impact of Trust in Coalition Formation},
  booktitle = {Proceedings of the 2nd Brazilian Workshop on Social Simulation (BWSS'10)},
  year = {2010},
  pages = {129--139},
  address = {S{\~a}o Bernardo do Campo, Brazil}
}

@INPROCEEDINGS{nardinSichman2010-ctdia,
  author = {Nardin, Luis G. and Sichman, Jaime S.},
  title = {SOARI: A service-oriented architecture to enable interoperability
	of agent reputation models},
  booktitle = {Anais do 7o. Concurso de Teses e Dissertações em Inteligência Artificial
	(CTDIA'10)},
  year = {2010},
  pages = {299--310},
  address = {S{\~a}o Bernardo do Campo, Brazil}
}

@INPROCEEDINGS{noyMusen2001,
  author = {Noy, Natalya F. and Musen, Mark A.},
  title = {{Anchor-PROMPT}: Using Non-Local Context for Semantic Matching},
  booktitle = {Proceedings of IJCAI Workshop on Ontologies and Information Sharing},
  year = {2001},
  pages = {63--70}
}

@INPROCEEDINGS{noyMusen2000,
  author = {Noy, Natalya F. and Musen, Mark A.},
  title = {{PROMPT}: Algorithm and Tool for Automated Ontology Merging and Alignment},
  booktitle = {Proceedings of the 7th National Conference on Artificial Intelligence
	and 20th Conference on Innovative Applications of Artificial Intelligence},
  year = {2000},
  pages = {450--455},
  publisher = {AAAI Press/The MIT Press}
}

@ARTICLE{ostrom1998,
  author = {Ostrom, Elionor},
  title = {A Behavioral Approach to the Rational Choice Theory of Collective
	Action: Presidential Address, American Political Science Association,
	1997},
  journal = {The American Political Science Review},
  year = {1998},
  volume = {92},
  pages = {1--22},
  number = {1}
}

@ARTICLE{paquet2010,
  author = {Paquet, S\'{e}bastien and Chaib-draa, Brahim and Dallaire, Patrick
	and Bergeron, Danny},
  title = {Task allocation learning in a multiagent environment: Application
	to the RoboCupRescue simulation},
  journal = {Multiagent Grid Syst.},
  year = {2010},
  volume = {6},
  pages = {293--314},
  month = {December},
  address = {Amsterdam, The Netherlands},
  issn = {1574-1702},
  issue = {4},
  publisher = {IOS Press}
}

@INPROCEEDINGS{pereiraEtAl2011-robocup,
  author = {Pereira, Andr{\'e} H. and Nardin, Luis G. and Brand{\~a}o, Anarosa
	A. F. and Sichman, Jaime S.},
  title = {{LTI Agent Rescue} Team: A {BDI}-based Approach for {Robocup Rescue}},
  booktitle = {Proceedings of the RoboCup 2011},
  year = {2011},
  address = {Istanbul, Turkey}
}

@INPROCEEDINGS{pereiraEtAl2011-siicusp,
  author = {Pereira, Andr{\'e} H. and Nardin, Luis G. and Sichman, Jaime S.},
  title = {Time de Agentes para RoboCup Rescue Agent Simula\c{c}{\~a}o},
  booktitle = {Anais do 19o Simp{\'o}sio Internacional de Inicia\c{c}{\~a}o Cient{\'i}fica
	(SIICUSP)},
  year = {2011},
  address = {S{\~a}o Carlos, Brazil},
  publisher = USP,
  url = {http://www.usp.br/siicusp/19siicusp/}
}

@INPROCEEDINGS{pereiraEtAl2011-wesaac,
  author = {Pereira, Andr{\'e} H. and Nardin, Luis G. and Sichman, Jaime S.},
  title = {Coordination of Agents in the RoboCup Rescue: A Partial Global approach},
  booktitle = {Anais do V Workshop-Escola de Sistemas de Agentes, seus Ambientes
	e apliCa{\c c}{\~o}es},
  year = {2011},
  pages = {75--84},
  address = {Curitiba, Brazil}
}

@INPROCEEDINGS{pinyolEtAl2007,
  author = {Pinyol, Isaac and Sabater-Mir, Jordi and Cun\'i, Guifr\'e},
  title = {How to Talk About Reputation Using a Common Ontology: From Definition
	to Implementation},
  booktitle = {Proceedings of the 9th International Workshop on Trust in Agent Societies
	(TRUST'07)},
  year = {2007},
  pages = {90--101},
  address = {Honolulu, USA}
}

@BOOK{poundstone1992,
  title = {Prisioner's Dilemma},
  publisher = {Anchor},
  year = {1992},
  author = {Poundstone, W.}
}

@TECHREPORT{prudhommeauxSeaborne2007,
  author = {Eric Prud'hommeaux and Andy Seaborne},
  title = {{SPARQL} Query Language for {RDF} (Working Draft)},
  institution = {W3C},
  year = {2007},
  url = {http://www.w3.org/TR/2007/WD-rdf-sparql-query-20070326/}
}

@BOOK{puriSen1971,
  title = {Nonparametric methods in multivariate analysis},
  publisher = {John Wiley \& Sons, Inc.},
  year = {1971},
  author = {Puri, Madan L. and Sen, Pranab K.},
  pages = {xi, 440 p.},
  isbn = {0471702404}
}

@ARTICLE{puriSen1969,
  author = {Puri, Madan L. and Sen, Pranab K.},
  title = {A class of rank order tests for a general linear hypothesis},
  journal = {The Annals of Mathematical Statistics},
  year = {1969},
  volume = {40},
  pages = {1325--1343},
  number = {4}
}

@MANUAL{r2009,
  title = {{R}: A Language and Environment for Statistical Computing},
  author = {{R Development Core Team}},
  organization = {R Foundation for Statistical Computing},
  address = {Vienna, Austria},
  year = {2009},
  isbn = {3-900051-07-0},
  url = {http://www.R-project.org}
}

@ARTICLE{ramchurnEtAl2010,
  author = {Ramchurn, Sarvapali D. and Farinelli, Alessandro and Macarthur, Kathryn
	S. and Polukarov, Mariya and Jennings, Nick R.},
  title = {Decentralised Coordination in RoboCup Rescue},
  journal = {The Computer Journal},
  year = {2010},
  volume = {53},
  pages = {1447--1461},
  number = {9},
  month = {March},
  doi = {10.1093/comjnl/bxq022},
  publisher = {Oxford Journals},
  url = {http://dx.doi.org/10.1093/comjnl/bxq022}
}

@INPROCEEDINGS{rao1996,
  author = {Rao, Anand S.},
  title = {{AgentSpeak(L)}: {BDI} agents speak out in a logical computable language},
  booktitle = {Proceedings of the 7th European workshop on Modelling autonomous
	agents in a multi-agent world (MAAMAW'96)},
  year = {1996},
  editor = {de Velde, Walter Van and Perram, John W.},
  volume = {1038},
  series = LNAI,
  pages = {42--55},
  address = {Secaucus, USA},
  publisher = SPRINGER_VERLAG_PUBLISHER
}

@INPROCEEDINGS{raoGeorgeff1991,
  author = {Rao, Anand S. and Georgeff, M. P.},
  title = {Modeling rational agents with a {BDI}-architecture},
  booktitle = {Proceedings of the Second International Conference on Principles
	of Knowledge Representation and Reasoning},
  year = {1991},
  editor = {Allen, J. and Fikes, R. and Sandewall, E.},
  address = {San Mateo, USA},
  publisher = MORGAN_PUBLISHER
}

@INPROCEEDINGS{raoGeorgeff1992,
  author = {Rao, Anand S. and Georgeff, M. P.},
  title = {An abstract architecture for rational agents},
  booktitle = {Proceedings of the Third International Conference on Principles of
	Knowledge Representation and Reasoning},
  year = {1992},
  editor = {Rich, C. and Swartout, W. and Nebel, B.},
  address = {San Mateo, USA},
  publisher = MORGAN_PUBLISHER
}

@INPROCEEDINGS{raoGeorgeff1995,
  author = {Rao, Anand S. and Georgeff, M. P.},
  title = {Rational Agents: From Theory to Practice},
  booktitle = {Proceedings of the First International Conference on Multi-Agent
	Systems (ICMAS'95)},
  year = {1995},
  address = {San Francisco, USA}
}

@ARTICLE{resnickEtAl2000,
  author = {Resnick, Paul and Kuwabara, Ko and Zeckhauser, Richard and Friedman,
	Eric},
  title = {Reputation systems},
  journal = {Communications of the ACM},
  year = {2000},
  volume = {43},
  pages = {45--48},
  number = {12},
  address = {New York, USA},
  publisher = ACM_PUBLISHER
}

@BOOK{rodriguesEtAl2004,
  title = {Dicion{\'a}rio Larousse Ilustrado da L{\'i}ngua Portuguesa},
  publisher = {Larousse do Brasil},
  year = {2004},
  author = {Rodrigues, D. and Nuno, F. and Raggiotti, N.},
  address = {S{\~a}o Paulo, Brasil},
  edition = {1o. Edi{\c c}{\~a}o Brasileira}
}

@ARTICLE{rowley2006,
  author = {Rowley, J.},
  title = {An analysis of the e-service literature: towards a research agenda},
  journal = {Internet Research},
  year = {2006},
  volume = {16},
  pages = {339--359},
  number = {3}
}

@ARTICLE{rubiera2003,
  author = {Rubiera, Javier I. C. and Molina, Jos{\'e} M. and Muro, Jorge D.},
  title = {Trust Management Through Fuzzy Reputation},
  journal = {Int. J. Cooperative Inf. Syst.},
  year = {2003},
  volume = {12},
  pages = {135-155},
  number = {1}
}

@BOOK{russellNorvig2003,
  title = {Artificial Intelligence: A Modern Approach},
  publisher = {Prentice Hall},
  year = {2003},
  author = {Russell, S. J. and Norvig, P.},
  pages = {97--104},
  address = {Upper Saddle River, USA}
}

@INPROCEEDINGS{ryan2006,
  author = {Ryan, Amanda},
  title = {Towards semantic interoperability in healthcare: ontology mapping
	from {SNOMED-CT} to {HL7} version 3},
  booktitle = {Proceedings of the second Australasian workshop on Advances in ontologies
	(AOW'06)},
  year = {2006},
  pages = {69--74},
  address = {Darlinghurst, Australia},
  publisher = {Australian Computer Society, Inc.}
}

@INPROCEEDINGS{ryanEklund2008,
  author = {Ryan, Amanda and Eklund, Peter W.},
  title = {A Framework for Semantic Interoperability in Healthcare: A Service
	Oriented Architecture based on Health Informatics Standards},
  booktitle = {MIE},
  year = {2008},
  editor = {Andersen, Stig K. and Klein, Gunnar O. and Schulz, Stefan and Aarts,
	Jos},
  volume = {136},
  series = {Studies in Health Technology and Informatics},
  pages = {759--764},
  publisher = {IOS Press}
}

@INPROCEEDINGS{ryanEtAl2007,
  author = {Ryan, Amanda and Eklund, Peter W. and Esler, Brett},
  title = {Toward the Interoperability of {HL7} v3 and {SNOMED CT}: A Case Study
	Modeling Mobile Clinical Treatment},
  booktitle = {Proceedings of the 12th World Congress on Health (Medical) Informatics
	(MEDINFO'07) - Building Sustainable Health Systems, 20-24 August,
	2007, Brisbane, Australia},
  year = {2007},
  volume = {129},
  pages = {626--630},
  publisher = {IOS Press}
}

@ARTICLE{sabaterPaolucci2007,
  author = {Sabater-Mir, Jordi and Paolucci, Mario},
  title = {On representation and aggregation of social evaluations in computational
	trust and reputation models},
  journal = {International Journal of Approximate Reasoning},
  year = {2007},
  volume = {46},
  pages = {458--483},
  number = {3},
  address = {New York, USA},
  publisher = ELSEVIER_PUBLISHER
}

@ARTICLE{sabaterEtAl2006,
  author = {Sabater-Mir, Jordi and Paolucci, Mario and Conte, Rosaria},
  title = {{Repage: REPutation and ImAGE Among Limited Autonomous Partners}},
  journal = JASSS_NAME,
  year = {2006},
  volume = {9},
  number = {2},
  url = {http://jasss.soc.surrey.ac.uk/9/2/3.html}
}

@ARTICLE{sabaterSierra2005,
  author = {Sabater-Mir, Jordi and Sierra, Carles},
  title = {Review on Computational Trust and Reputation Models},
  journal = {Artificial Intelligence Review},
  year = {2005},
  volume = {24},
  pages = {33--60},
  number = {1},
  doi = {10.1007/s10462-004-0041-5},
  publisher = KLUWER_PUBLISHER,
  url = {http://dx.doi.org/10.1007/s10462-004-0041-5}
}

@ARTICLE{sabaterSierra2002,
  author = {Sabater-Mir, Jordi and Sierra, Carles},
  title = {Social {ReGreT}, a reputation model based on social relations},
  journal = {SIGecom Exch.},
  year = {2002},
  volume = {3},
  pages = {44--56},
  number = {1},
  address = {New York, USA},
  publisher = ACM_PUBLISHER
}

@ARTICLE{schmidt-schaubssSmolka1991,
  author = {Schmidt-Schaub\ss, Manfred and Smolka, Gert},
  title = {Attributive concept descriptions with complements},
  journal = {Artificial Intelligence},
  year = {1991},
  volume = {48},
  pages = {1--26},
  number = {1},
  address = {Essex, UK},
  publisher = ELSEVIER_PUBLISHER
}

@INPROCEEDINGS{sheth1998,
  author = {Sheth, Amit P.},
  title = {Changing Focus on Interoperability in Information Systems: From System,
	Syntax, Structure to Semantics},
  booktitle = {Interoperating Geographic Information Systems},
  year = {1998},
  pages = {5--30},
  publisher = KLUWER_PUBLISHER
}

@ARTICLE{silvaEtAl2008,
  author = {da Silva, Daniela L. and Souza, Renato R. and Almeida, Maur\'icio
	B.},
  title = {Ontologias e vocabul{\'a}rios controlados: compara\c{c}{\~a}o de
	metodologias para constru{\c c}{\~a}o},
  journal = {Ci{\^e}ncia da Informa{\c c}{\~a}o},
  year = {2008},
  volume = {37},
  pages = {60--75},
  number = {3},
  address = {Braslia, Brasil}
}

@BOOK{silvapulleSen2005,
  title = {{Constrained Statistical Inference: Inequality, Order, and Shape
	Restrictions}},
  publisher = {Wiley-Interscience},
  year = {2004},
  author = {Silvapulle, Mervyn J. and Sen, Pranab K.},
  edition = {1},
  month = {Nov},
  howpublished = {Hardcover},
  isbn = {0471208272}
}

@ARTICLE{sirinEtAl2007,
  author = {Sirin, Evren and Parsia, Bijan and Grau, Bernardo C. and Kalyanpur,
	Aditya and Katz, Yarden},
  title = {Pellet: A practical {OWL-DL} reasoner},
  journal = {Web Semantics: Science, Services and Agents on the World Wide Web},
  year = {2007},
  volume = {5},
  pages = {51--53},
  number = {2},
  booktitle = {Software Engineering and the Semantic Web}
}

@INPROCEEDINGS{skinnerRamchurn2010,
  author = {Skinner, Cameron and Ramchurn, Sarvapali},
  title = {The RoboCup rescue simulation platform},
  booktitle = {Proceedings of the 9th International Conference on Autonomous Agents
	and Multiagent Systems: volume 1 - Volume 1},
  year = {2010},
  series = {AAMAS '10},
  pages = {1647--1648},
  address = {Richland, SC},
  publisher = {International Foundation for Autonomous Agents and Multiagent Systems},
  isbn = {978-0-9826571-1-9},
  location = {Toronto, Canada},
  numpages = {2}
}

@INPROCEEDINGS{trivellatoEtAl2009-cse,
  author = {Trivellato, Daniel and Spiessens, Fred and Zannone, Nicola and Etalle,
	Sandro},
  title = {Reputation-based ontology alignment for autonomy and interoperability
	in distributed access control},
  booktitle = {Proceedings of the International Conference on Computational Science
	and Engineering (CSE'09)},
  year = {2009},
  volume = {3},
  pages = {252--258},
  publisher = IEEE_PUBLISHER
}

@INPROCEEDINGS{trivellatoEtAl2009-pdsn,
  author = {Trivellato, Daniel and Spiessens, Fred and Zannone, Nicola and Etalle,
	Sandro},
  title = {{POLIPO}: Policies \& ontologies for interoperability, portability,
	and autonomy},
  booktitle = {{IEEE} International Symposium on Policies for Distributed Systems
	and Networks},
  year = {2009},
  pages = {110--113},
  address = {London, UK},
  publisher = IEEE_PUBLISHER
}

@INPROCEEDINGS{tsarkovHorrocks2006,
  author = {Tsarkov, Dmitry and Horrocks, Ian},
  title = {Fact++ description logic reasoner: System description},
  booktitle = {Proceedings of the 3rd International Joint Conference on Automated
	Reasoning},
  year = {2006},
  volume = {4130},
  series = LNAI,
  pages = {292--297},
  publisher = SPRINGER_PUBLISHER
}

@ARTICLE{uscholdGruninger1996,
  author = {Uschold, Mike and Gruninger, Michael},
  title = {Ontologies: Principles, methods and applications},
  journal = {Knowledge Engineering Review},
  year = {1996},
  volume = {11},
  pages = {93--136}
}

@BOOK{valente1995,
  title = {Legal Knowledge Engineering - A Modeling Approach},
  publisher = {IOS Press},
  year = {1995},
  author = {Valente, A.},
  address = {Amsterdam, The Netherlands}
}

@INPROCEEDINGS{vercouterEtAl2007,
  author = {Vercouter, Laurent and Casare, Sara J. and Sichman, Jaime S. and
	Brand{\~a}o, Anarosa},
  title = {An Experience on Reputation Models Interoperability Based on a Functional
	Ontology},
  booktitle = {Proceedings of the 20th International Joint Conference on Artificial
	Intelligence (IJCAI'07)},
  year = {2007},
  pages = {617--622},
  address = {Hyderabad, India}
}

@ARTICLE{vetereLenzerini2005,
  author = {Vetere, G. and Lenzerini, M.},
  title = {Models for Semantic Interoperability in Service-Oriented Architectures},
  journal = {IBM Systems Journal},
  year = {2005},
  volume = {44},
  pages = {887--903},
  number = {4},
  address = {Riverton, USA},
  publisher = {IBM Corp.}
}

@ARTICLE{visserEtAl2002,
  author = {Visser, U. and Stuckenschmidt, H. and Schuster, G. and V\"ogele,
	T.},
  title = {Ontologies for geographic information processing},
  journal = {Computers \& Geosciences},
  year = {2002},
  volume = {28},
  pages = {103--117},
  number = {1}
}

@INPROCEEDINGS{visserEtAl2000-iscsep,
  author = {Visser, Ubbo and Stuckenschmidt, Heiner and Wache, Holger and V\"ogele,
	Thomas},
  title = {Enabling Technologies for Interoperability},
  booktitle = {Proceedings of the Workshop on the 14th International Symposium of
	Computer Science for Environmental Protection},
  year = {2000},
  editor = {Visser, U. and Pundt, H.},
  pages = {35--46},
  address = {Bonn, Germany},
  publisher = {TZI}
}

@ARTICLE{vitter1987,
  author = {Vitter, Jeffrey S.},
  title = {Design and analysis of dynamic Huffman codes},
  journal = {J. ACM},
  year = {1987},
  volume = {34},
  pages = {825--845},
  address = {New York, USA},
  doi = {10.1145/31846.42227},
  issn = {0004-5411},
  issue = {4},
  publisher = ACM_PUBLISHER,
  url = {http://doi.acm.org/10.1145/31846.42227}
}

@INPROCEEDINGS{wangXu2009,
  author = {Wang, Peng and Xu, Baowen},
  title = {Lily: Ontology Alignment Results for {OAEI} 2009},
  booktitle = {Proceedings of the ISWC 2009 Workshop on Ontology Matching},
  year = {2009},
  volume = {551},
  series = {CEUR Workshop Proceedings},
  pages = {186--192},
  address = {Linkping, Sweden},
  publisher = {CEUR-WS.org}
}

@BOOK{wooldridge2009,
  title = {An Introduction to Multiagent Systems},
  publisher = {John Wiley \& Sons Ltd},
  year = {2009},
  author = {Wooldridge, Michael},
  edition = {Second},
  howpublished = {Paperback},
  isbn = {0470519460}
}

@ARTICLE{yangZhang2006,
  author = {Yang, Q. Z. and Zhang, Y.},
  title = {Semantic interoperability in building design: Methods and tools},
  journal = {Comput. Aided Des.},
  year = {2006},
  volume = {38},
  pages = {1099--1112},
  number = {10},
  address = {Newton, USA},
  publisher = {Butterworth-Heinemann}
}

@INPROCEEDINGS{yuSingh2002,
  author = {Yu, Bin and Singh, Munindar P.},
  title = {An evidential model of distributed reputation management},
  booktitle = {Proceedings of First International Joint Conference on Autonomous
	Agents and Multiagent Systems (AAMAS'02)},
  year = {2002},
  pages = {294--301},
  address = {New York, USA},
  publisher = ACM_PUBLISHER
}

@ARTICLE{zachariaMaes2000,
  author = {Zacharia, Giorgos and Maes, Pattie},
  title = {Trust Management Through Reputation Mechanisms},
  journal = {Journal of Applied Artificial Intelligence},
  year = {2000},
  volume = {14},
  pages = {881--907},
  number = {9},
  publisher = {Taylor \& Francis}
}

@PROCEEDINGS{robocup2011,
  title = {Proceedings of the 2011 RoboCup},
  year = {2011},
  booktitle = {Proceedings of the 2011 RoboCup}
}

@MANUAL{racerpro2007,
  title = {{RACERPro} User's Guide Version 1.9.2},
  organization = {Racer Systems GmbH and Co. KG},
  address = {Hamburg, Germany},
  year = {2007}
}

@comment{jabref-meta: groupsversion:3;}

@comment{jabref-meta: groupstree:
0 AllEntriesGroup:;
1 ExplicitGroup:ai/agent/mas\;0\;axelrod1984\;bordiniEtAl2007\;bratman
1987\;hubnerEtAl2002\;jennings2001\;koenigLikhachev2005\;luckEtAl2005\
;ostrom1998\;poundstone1992\;rao1996\;raoGeorgeff1991\;raoGeorgeff1992
\;raoGeorgeff1995\;russellNorvig2003\;wooldridge2009\;;
1 ExplicitGroup:disaster management\;0\;blanchardEtAl2007\;;
1 ExplicitGroup:distributed ai\;0\;corkillLesser1983\;durfee1988\;durf
eeLesser1987\;durfeeLesser1991\;;
1 ExplicitGroup:interoperability\;0\;buranarach2001\;contrerasSheremet
ov2008\;guijarro2009\;kravariEtAl2009\;ryan2006\;ryanEklund2008\;ryanE
tAl2007\;sheth1998\;trivellatoEtAl2009-pdsn\;vetereLenzerini2005\;viss
erEtAl2000-iscsep\;yangZhang2006\;;
1 ExplicitGroup:mathematics\;0\;boslaughWatters2008\;dijkstra1959\;har
tEtAl1968\;hotelling1931\;huffman1952\;johnsonWichern2002\;puriSen1969
\;puriSen1971\;r2009\;silvapulleSen2005\;vitter1987\;;
1 ExplicitGroup:ontology\;0\;antoniouEtAl2005\;baaderNutt2003\;bachmai
rEtAl1995\;bechhoferEtAl2004\;bockting2005\;carrollRoo2007\;corchoEtAl
2003\;dameronEtAl2004\;doan2003\;douEtAl2003\;farquharEtAl1997\;fernan
dez-lopesEtAl1997\;fikesAtAl2003\;geneserethFikes1992\;gruber1993\;gua
rino1998\;heijstEtAl1997\;horrocks2002\;jean-maryEtAl2009\;kalfoglouSc
horlemmer2003\;klyneCarroll2004\;madhavanEtAl2001\;mcguinnessHarmelen2
004\;meditskosBassiliades2008\;prudhommeauxSeaborne2007\;schmidt-schau
bssSmolka1991\;silvaEtAl2008\;uscholdGruninger1996\;visserEtAl2002\;;
1 ExplicitGroup:ontology tools\;0\;haarslevEtAl2004\;haarslevMoller200
3\;horridgeEtAl2004\;horrocks1999\;mcguinessEtAl2000\;noyMusen2000\;no
yMusen2001\;racerpro2007\;sirinEtAl2007\;trivellatoEtAl2009-pdsn\;tsar
kovHorrocks2006\;wangXu2009\;;
1 ExplicitGroup:robocuprescue\;0\;basakEtAl2011\;ferreiraEtAl2010\;kit
anoEtAl1999\;kitanoTadokoro2001\;morimoto2002\;nairEtAl2002\;paquet201
0\;pereiraEtAl2011-robocup\;pereiraEtAl2011-siicusp\;pereiraEtAl2011-w
esaac\;ramchurnEtAl2010\;robocup2011\;skinnerRamchurn2010\;;
1 ExplicitGroup:soft.eng.\;0\;coutinhoEtAl2008\;ieee-14712000\;;
1 ExplicitGroup:standard\;0\;ieee-glossary1991\;iso88791986\;;
1 ExplicitGroup:trust/reputation\;0\;alnemrEtAl2010\;avegliano2008\;av
eglianoSichman2007\;brandaoEtAl2007-aamas\;brandaoEtAl2007-trust\;casa
re2005\;casareSichman2005-aamas\;casareSichman2005-jbcs\;castelfranchi
2000\;castelfranchiEtAl1998\;castelfranchiFalcone1998\;changEtAl2005\;
changEtAl2006\;contePaolucci2002\;fullamEtAl2005-aamas\;fullamEtAl2005
-aird\;fullamEtAl2007\;huynhEtAl2004-ecai\;kafaliYolum2006\;mui2002-th
esis\;muiEtAl2002\;muiEtAl2002-aamas\;mullerVercouter2008\;nardin2009-
dissertation\;nardinEtAl2008-lnai\;nardinEtAl2008-trust\;nardinEtAl200
8-wonto\;nardinEtAl2009-trust\;nardinEtAl2011-eaai\;nardinEtAl2011-ico
re\;nardinJaime2011-ieee\;nardinSichman2010-bwss\;nardinSichman2010-ct
dia\;nardinSichman2011-csssa\;pinyolEtAl2007\;resnickEtAl2000\;rubiera
2003\;sabaterEtAl2006\;sabaterPaolucci2007\;sabaterSierra2002\;sabater
Sierra2005\;trivellatoEtAl2009-cse\;valente1995\;vercouterEtAl2007\;yu
Singh2002\;zachariaMaes2000\;;
1 ExplicitGroup:web service\;0\;beckettBroekstra2008\;boothEtAl2004\;c
hristensenEtAl2001\;deanSchreiber2004\;erl2007\;hassBrown2004\;mcgover
nEtAl2003\;mcilraithMartin2003\;mitraLafon2007\;rowley2006\;;
}

